@techreport{ALFL,
    author = "Paul Hudak",
    title = "ALFL Reference Manual and Programmer's Guide",
    institution = "Yale University Department of Computer Science",
    year = 1984,
    month = "August",
    number = "YALEU/DCS/TR-322"
}


@inproceedings{Henderson:1976,
    author = {Henderson, Peter and Morris,Jr., James H.},
    title = {A Lazy Evaluator},
    booktitle = {Proceedings of the 3rd ACM SIGACT-SIGPLAN Symposium on Principles on Programming Languages},
    series = {POPL '76},
    year = {1976},
    location = {Atlanta, Georgia},
    pages = {95--103},
    numpages = {9},
    publisher = {ACM},
}

@misc{hoover:Notes,
    title={ Functional Programming: Definition and Evaluation},
    url={https://sites.ualberta.ca/~jhoover/325/CourseNotes/section/Scheme_3.htm},
    journal={CMPUT 325 - Non-procedural programming},
    publisher={University of Alberta},
    author={Hoover, H. James}
}

@article{Landen:1964,
  author = {Landin, P. J.},
  title = {The Mechanical Evaluation of Expressions},
  journal = {The Computer Journal},
  volume = {6},
  number = {4},
  pages = {308-320},
  year = {1964},
  doi = {10.1093/comjnl/6.4.308},
  URL = {http://dx.doi.org/10.1093/comjnl/6.4.308},
  eprint = {/oup/backfile/content_public/journal/comjnl/6/4/10.1093/comjnl/6.4.308/2/6-4-308.pdf}
}

@article{Bloss:1988,
    author    = {Adrienne G. Bloss and
                 Paul Hudak and
                 Jonathan Young},
    title     = {Code Optimizations for Lazy Evaluation},
    journal   = {Lisp and Symbolic Computation},
    volume    = {1},
    number    = {2},
    pages     = {147--164},
    year      = {1988},
}
